@article{lecerf2009femoral,
    title={Femoral offset: anatomical concept, definition, assessment, implications for preoperative templating and hip arthroplasty},
    author={Lecerf, G and Fessy, MH and Philippot, R and Massin, P and Giraud, F and Flecher, X and Girard, J and Mertl, P and Marchetti, E and Stindel, E},
    journal={Orthopaedics \& traumatology: surgery \& research},
    volume={95},
    number={3},
    pages={210--219},
    year={2009},
    publisher={Elsevier}
}