@online{website:sitekd,
    title = {Site de Kardham Digital},
    url = {https://www.kardham-digital.com},
    year = {2023},
}